@inproceedings{Verh04,
	title = "Reward variance in Markov chains : a calculational approach",
	author = "T. Verhoeff",
	year = "2004",
	language = "English",
	series = "Computer Science Reports",
	publisher = "Technische Universiteit Eindhoven",
	editor = "L.G.W.A. Cleophas and B.W. Watson",
	booktitle = "Proceedings of the Eindhoven FASTAR Days 2004 (Eindhoven, The Netherlands, September 3-4, 2004)",
	
}
@book{Bai08,
	author = {Baier, Christel and Katoen, Joost-Pieter},
	title = {Principles of Model Checking (Representation and Mind Series)},
	year = {2008},
	isbn = {026202649X},
	publisher = {The MIT Press}
}
@Article{ThesisDubs,
	author={Clemens Dubslaff},
	title={Quantitative Analysis of Configurable and Reconfigurable Systems},
	year={2021},
	pages={127},
	month={},
	note={},
	key={}
}
@online{PRISMCS,
	title  = {PRISM - Case Studies},
	date   = {2019-01},
	url    = {https://www.prismmodelchecker.org/casestudies/index.php}
}

@online{PSR,
	title = {Prism Syntactic Reduction},
	url = {https://github.com/Necktschnagge/prism-syntactic-reduction}
}
@online{PRISMFiles,
	title = {PRISM Manual | Appendices / Explicit Model Files},
	url = {https://www.prismmodelchecker.org/manual/Appendices/ExplicitModelFiles}	
}
@article{Dixon1982,
	author = {Dixon, J.D.},
	journal = {Numerische Mathematik},
	keywords = {exact arithmetic; p-adic approximation; rational approximation; integer matrix; successive refinements; Euclidean algorithm},
	pages = {137-142},
	title = {Exact Solution of Linear Equations Using P-Adic Expansions},
	url = {http://eudml.org/doc/132821},
	volume = {40},
	year = {1982},
}
@Article{KNP12a,
	author={M. Kwiatkowska and G. Norman and D. Parker},
	title={Probabilistic Verification of Herman’s Self-Stabilisation Algorithm},
	journal={Formal Aspects of Computing},
	year={2012},
	volume={24},
	number={4},
	pages={661-670},
	publisher={Springer},
	month={},
	note={},
	key={}
}
@Article{Demidov2019,
	author="Demidov, D.",
	title="AMGCL: An Efficient, Flexible, and Extensible Algebraic Multigrid Implementation",
	journal="Lobachevskii Journal of Mathematics",
	year="2019",
	month="May",
	day="01",
	volume="40",
	number="5",
	pages="535--546",
	issn="1818-9962",
	doi="10.1134/S1995080219050056",
	url="https://doi.org/10.1134/S1995080219050056"
}
@article{IR90,
	author={A. Itai and M. Rodeh},
	title={Symmetry Breaking in Distributed Networks},
	journal={Information and Computation},
	year={1990},
	
	volume={88},
	number={1},
	pages={},
	month={},
	note={},
	key={}
}

@article{Krau14,
author = {Krause, Philipp},
year = {2014},
month = {05},
pages = {51–59},
title = {The complexity of register allocation},
volume = {168},
journal = {Discrete Applied Mathematics},
doi = {10.1016/j.dam.2013.03.015}
}
